@misc{2023-usenix-good-papers,
author={{Roy Levin and David D. Redell}},
title={{How (and How not) to Write a Good Systems Paper}},
year={Accessed: 2023-Feb-01},
howpublished={\url{https://www.usenix.org/legacy/publications/library/proceedings/dsl97/good\_paper.html}}
}

@misc{2023-eth-mothy-review,
author={{Timothy Roscoe}},
title={{Writing reviews for systems conferences}},
year={Accessed: 2023-Feb-01},
howpublished={\url{https://people.inf.ethz.ch/troscoe/pubs/review-writing.pdf}}
}
 
@misc{2023-scientific-writing,
author={{Gopen and Swan}},
title={{The Science of Scientific Writing}},
year={Accessed: 2023-Feb-01},
howpublished={\url{https://github.com/animeshtrivedi/notes/blob/master/docs/the-science-of-scientific-writing.pdf}}
}
 
@misc{2023-gheiser-student-reports,
author={{Gernot Heiser}},
title={{Tips and Guidance for Students Writing Papers and Reports}},
year={Accessed: 2023-Feb-01},
howpublished={\url{https://gernot-heiser.org/style-guide.html}}
}

@misc{2023-gheiser-bcrimes,
author={{Gernot Heiser}},
title={{On conducting experiments, Systems Benchmarking Crimes, dos and don’t of benchmarking}},
year={Accessed: 2023-Feb-01},
howpublished={\url{https://gernot-heiser.org/benchmarking-crimes.html}}
}

@misc{2023-ousterhout-sayings,
author = {Ousterhout, John},
title={{My Favorite Sayings}},
year={Accessed: 2023-Feb-01},
howpublished={\url{https://web.stanford.edu/~ouster/cgi-bin/sayings.php}}
}

@article{2018-cacm-level-deep-measure,
author = {Ousterhout, John},
title = {Always Measure One Level Deeper},
year = {2018},
issue_date = {July 2018},
publisher = {Association for Computing Machinery},
address = {New York, NY, USA},
volume = {61},
number = {7},
issn = {0001-0782},
url = {https://doi.org/10.1145/3213770},
doi = {10.1145/3213770},
abstract = {Performance measurements often go wrong, reporting surface-level results that are more marketing than science.},
journal = {Commun. ACM},
month = {jun},
pages = {74–83},
numpages = {10}
}